%%%%%%%%% Templates %%%%%%%%%%%%%%%%%%%%%%%%%%%%%%%%%%%%%%%%%%%%%%%%%

%@BOOK{ref,
%  AUTHOR =       "",
%  editor =       "",
%  TITLE =        "",
%  PUBLISHER =    "",
%  YEAR =         "",
%  volume =       "",
%  number =       "",
%  series =       "",
%  address =      "",
%  edition =      "",
%  month =        "",
%  note =         "",
%  abstract =     "",
%  isbn =         "",
%  price =        "",
%  keywords =     "",
%  source =       "",
%}

%@INBOOK{ref,
%  AUTHOR =       "",
%  editor =       "",
%  TITLE =        "",
%  CHAPTER =      "",
%  pages =        "",
%  PUBLISHER =    "",
%  YEAR =         "",
%  volume =       "",
%  number =       "",
%  series =       "",
%  type =         "",
%  address =      "",
%  edition =      "",
%  month =        "",
%  note =         "",
%  abstract =     "",
%  keywords =     "",
%}


%@ARTICLE{ref,
%  AUTHOR =       "",
%  TITLE =        "",
%  JOURNAL =      "",
%  YEAR =         "",
%  volume =       "",
%  number =       "",
%  pages =        "--",
%  month =        "",
%  note =         "",
%  abstract =     "",
%  keywords =     "",
%  source =       "",
%}

%@PROCEEDINGS{ref,
%  TITLE =        "",
%  YEAR =         "",
%  editor =       "",
%  publisher =    "",
%  volume =       "",
%  number =       "",
%  series =       "",
%  organization = "",
%  address =      "",
%  month =        "",
%  note =         "",
%  abstract =     "",
%  isbn =         "",
%  price =        "",
%  keywords =     "",
%  source =       "",
%}

%@INPROCEEDINGS{ref,
%  AUTHOR =       "",
%  TITLE =        "",
%  BOOKTITLE =    "",
%  YEAR =         "",
%  editor =       "",
%  volume =       "",
%  number =       "",
%  series =       "",
%  pages =        "",
%  address =      "",
%  month =        "",
%  organization = "",
%  publisher =    "",
%  note =         "",
%  abstract =     "",
%  keywords =     "",
%}

%@UNPUBLISHED{ref,
%  AUTHOR =       "",
%  TITLE =        "",
%  NOTE =         "",
%  year =         "",
%  month =        "",
%  abstract =     "",
%  keywords =     "",
%  source =       "",
%}

%%%%%%%%% References %%%%%%%%%%%%%%%%%%%%%%%%%%%%%%%%%%%%%%%%%%%%%%%%

@ARTICLE{abramov2009,
  AUTHOR =       "Abramov, R. V.",
  TITLE =        "The multidimensional moment-constrained maximum entropy problem: A BFGS algorithm with constraint scaling",
  JOURNAL =      "Journal of Computational Physics",
  YEAR =         "2009",
  volume =       "228",
  pages =        "96--108"
}

@ARTICLE{ahmadi1993,
  AUTHOR =       "Ahmadi, M. and Sellens, R. W.",
  TITLE =        "A Simplified maximum-entropy-based drop size distribution",
  JOURNAL =      "Atomization and Sprays",
  YEAR =         "1993",
  volume =       "3",
  pages =        "291--310"
}

@ARTICLE{ayres2001,
  AUTHOR =       "Ayres, D. and Caldas, M. and Semiao, V. and da Graca Carvalho, M.",
  TITLE =        "Prediction of the droplet size and velocity joint distribution for sprays",
  JOURNAL =      "Fuel",
  YEAR =         "2001",
  volume =       "80",
  pages =        "383--394"
}

@ARTICLE{bai1995,
  AUTHOR =       "Bai, C. and Gosman, A. D.",
  TITLE =        "Development of methodology for spray impingement simulation",
  JOURNAL =      "SAE Technical Paper Series",
  YEAR =         "1995",
  number =       "950283"
}

@ARTICLE{bandyopadhyay2004,
  AUTHOR =       "Bandyopadhyay, K. and Bhattacharya, A. K.",
  TITLE =        "Maximum entropy and the problem of moments: A stable algorithm",
  YEAR =         "2004"
}

@BOOK{beck2000,
  AUTHOR =       "Beck, J. C.",
  TITLE =        "Computational modelling of polydisperse sprays without segregation into droplet size classes",
  PUBLISHER =    "Ph. D. Thesis, UMIST",
  YEAR =         "2000"
}

@ARTICLE{beck2002,
  AUTHOR =       "Beck, J. C. and Watkins, A. P.",
  TITLE =        "On the Development of Spray Submodels Based on Droplet Size Moments",
  JOURNAL =      "J. of Comp. Phys.",
  YEAR =         "2002",
  volume =       "182",
  pages =        "586--621"
}

@ARTICLE{beck2003,
  AUTHOR =       "Beck, J. C. and Watkins, A. P.",
  TITLE =        "On the development of a spray model based on drop-size moments",
  JOURNAL =      "Proc. R. Soc. Lond.",
  YEAR =         "2003",
  volume =       "A",
  number =       "459",
  pages =        "1365--1394"
}

@ARTICLE{beck2003b,
  AUTHOR =       "Beck, J. C. and Watkins, A. P.",
  TITLE =        "The droplet number moments approach to spray modelling: The development of heat and mass transfer sub-models",
  JOURNAL =      "Int. J. of Heat and Fluid Flow",
  YEAR =         "2003",
  volume =       "24",
  pages =        "242--259"
}

@BOOK{bird1966,
  AUTHOR =       "Bird, R. B. and Stewart, E. W. and Lightfoot, E. N.",
  TITLE =        "Transport Phenomena",
  PUBLISHER =    "John Wiley & Sons, New York",
  YEAR =         "1966"
}

@ARTICLE{bracco1985,
  AUTHOR =       "Bracco, F. V.",
  TITLE =        "Modeling of engine sprays",
  JOURNAL =      "SAE Technical Paper Series 850394",
  YEAR =         "1985"
}

@ARTICLE{braizer1972,
  AUTHOR =       "Brazier-Smith, P. R. and Jennings, S. G. and Lathan, J.",
  TITLE =        "The interaction of falling water drops: coalescence",
  JOURNAL =      "Proc. R. Soc. Lond.",
  YEAR =         "1972",
  volume =       "A326",
  pages =        "393--408"
}

@BOOK{chapman2008,
  AUTHOR =       "Chapman, S. J.",
  TITLE =        "Fortran 95/2003 for scientists and engineers",
  PUBLISHER =    "McGraw Hill",
  YEAR =         "2008",
  edition =      "Third"
}

@ARTICLE{cousin2004,
  AUTHOR =       "Cousin, J. and Desjonqueres, P.",
  TITLE =        "application of the maximum entropy formalism on discrete drop size distributions",
  JOURNAL =      "ILASS Europe",
  YEAR =         "2004"
}

@BOOK{crowe1998,
  AUTHOR =       "Crowe, C. T. and Sommerfeld, M. and Tsuji, Y.",
  TITLE =        "Multiphase Flows with Droplets and Particles",
  PUBLISHER =    "CRC Press",
  YEAR =         "1998"
}

@ARTICLE{darwish2003,
  AUTHOR =       "Darwish, M. S. and Moukalled, F.",
  TITLE =        "TVD schemes for unstructured grids",
  JOURNAL =      "Int. J. of Heat and Mass Transfer",
  YEAR =         "2003",
  volume =       "46",
  pages =        "599--611"
}

@ARTICLE{darwish2009,
  AUTHOR =       "Darwish, M. S. and Moukalled, F.",
  TITLE =        "A coupled finite volume solver for the solution of incompressible flows on unstructured grids",
  JOURNAL =      "Journal of Computational Physics",
  YEAR =         "2009",
  volume =       "228",
  pages =        "180--201"
}

@ARTICLE{desjardins2006,
  AUTHOR =       "Desjardins, O. and Fox, R. O. and Villedieu, P.",
  TITLE =        "A quadrature-based moment closure for the {W}illiams spray equation",
  JOURNAL =      "Center for Turbulence Research Proceedings",
  YEAR =         "2006",
  pages =        "223--234"
}

@ARTICLE{desjardins2008,
  AUTHOR =       "Desjardins, O. and Fox, R. O. and Villedieu, P.",
  TITLE =        "A quadrature-based moment method for dilute fluid-particle flows",
  JOURNAL =      "Journal of Computational Physics",
  YEAR =         "2008",
  volume =       "227",
  pages =        "2514--2539"
}

@ARTICLE{dumouchel1999,
  AUTHOR =       "Dumouchel, C. and Boyaval, S.",
  TITLE =        "Use of the Maximum Entropy Formalism to Determine Drop Size Distribution Characteristics",
  JOURNAL =      "Part. Syst. Charact.",
  YEAR =         "1999",
  volume =       "16",
  pages =        "177--184"
}

@ARTICLE{demirdzic1995,
  AUTHOR =       "Demirdzic, I. and Muzaferija, S.",
  TITLE =        "Numerical method for coupled fluid flow, heat transfer and stress analysis using unstructured moving meshes with cells of arbitrary topology",
  JOURNAL =      "Comput. Methods. Appl. Mech. Engrg.",
  YEAR =         "1995",
  volume =       "125",
  pages =        "235--255"
}

@ARTICLE{elwakil1954,
  AUTHOR =       "El Wakil, M. M. and Ueyhara, O. A., and Myers, P. S.",
  TITLE =        "A theoretical investigation of the heating-up period of injected fuel droplets vaporizing in air",
  JOURNAL =      "NACA Technical Note",
  YEAR =         "1954",
  number =       "3179"
}

@BOOK{ferziger2002,
  AUTHOR =       "Ferziger, J. H. and Peri\'{c}, M.",
  TITLE =        "Computational Methods for Fluid Dynamics",
  PUBLISHER =    "Springer",
  YEAR =         "2002",
  edition =      "Third"
}

@ARTICLE{fox2008,
  AUTHOR =       "Fox, R. O.",
  TITLE =        "A quadrature-based third-order moment method for dilute gas-particle flows",
  JOURNAL =      "Journal of Computational Physics",
  YEAR =         "2008",
  volume =       "227",
  pages =        "6313--6350"
}

@ARTICLE{fox2008b,
  AUTHOR =       "Fox, R. O. and Laurent, F. and Massot, M.",
  TITLE =        "Numerical simulation of spray coalescence in an Eulerian framework: Direct quadrature method of moments and multi-fluid method",
  JOURNAL =      "Journal of Computational Physics",
  YEAR =         "2008"
}

@BOOK{gurpura2007,
  AUTHOR =       "Gurpura, M.",
  TITLE =        "Probability density function formalism for multiphase flows",
  PUBLISHER =    "Ph. D. Thesis, Iowa State University",
  YEAR =         "2007"
}

@ARTICLE{gosman1983,
  AUTHOR =       "Gosman, A. D. and Ioannides, S. I.",
  TITLE =        "Aspects of computer simulation of liquid-fuelled combustors",
  JOURNAL =      "AIAA, J. Energy",
  YEAR =         "1983",
  volume =       "7",
  number =       "6",
  pages =        "482--490"
}

@ARTICLE{gosman1997,
  AUTHOR =       "Gosman, A. D. and Clerides, D.",
  TITLE =        "Diesel Spray Modelling: A Review",
  JOURNAL =      "Imperial College of Science, Technology and Medicine Department of Mechanical Engineering",
  YEAR =         "1997"
}

@ARTICLE{grover2001,
  AUTHOR =       "Grover, R. O. and Assanis, D. N.",
  TITLE =        "A Spray Wall Impingement Model Based upon Conservation Principles ",
  JOURNAL =      "The Fifth International Sympostum on Diagnostics and Modeling of Combustion in Internal Combustion Engines",
  YEAR =         "2001"
}

@ARTICLE{hahn2008,
  AUTHOR =       "Hahn, F. and Olbricht, C. and Janicka, J.",
  TITLE =        "Large eddy simulation of an evaporating spray based on an eulerian-lagrangian approach",
  JOURNAL =      "ILASS-Europe",
  YEAR =         "2008"
}

@ARTICLE{hiroyasu1974,
  AUTHOR =       "Hiroyasu, H. and Kadota, T.",
  TITLE =        "Fuel Droplet Size Distribution in Diesel Combustion Chamber",
  JOURNAL =      "SAE Paper",
  YEAR =         "1974",
  number =       "740715"
}

@ARTICLE{huh1991,
  AUTHOR =       "Huh, K. Y., and Gosman, A. D.",
  TITLE =        "A phenomenological model of Diesel spray atomisation",
  JOURNAL =      "Proc. Int. Conf. on Multiphase Flows, Tsukuba",
  YEAR =         "1991"
}

@ARTICLE{hsiang1992,
  AUTHOR =       "Hsiang, L. -P. and Faeth, G. M.",
  TITLE =        "Near-limit drop deformation and secondary breakup",
  JOURNAL =      "Int. J. Multiphase Flow",
  YEAR =         "1992",
  volume =       "18",
  number =       "5",
  pages =        "635--652"
}

@ARTICLE{hulburt1964,
  AUTHOR =       "Hulburt, H. M. and Katz, S.",
  TITLE =        "Some problems in particle technology",
  JOURNAL =      "Chemical Engineering Science",
  YEAR =         "1964",
  volume =       "19",
  pages =        "555--574"
}

@ARTICLE{john2007,
  AUTHOR =       "John, V. and Angelov, I. and Oncul, A. A. and Thevenin, D.",
  TITLE =        "Techniques for the reconstruction of a distribution from a finite number of its moments",
  JOURNAL =      "Chemical Engineering Science",
  YEAR =         "2007",
  volume =       "62",
  pages =        "2890--2904"
}

@ARTICLE{jones2008,
  AUTHOR =       "Jones, D. P. and Watkins, A. P.",
  TITLE =        "Spray impingement model based on the method of moments",
  JOURNAL =      "ILASS-Europe",
  YEAR =         "2008"
}

@BOOK{jones2010,
  AUTHOR =       "Jones, D. P.",
  TITLE =        "Spray Modelling without Droplet Size Segregation",
  PUBLISHER =    "Ph.D. Thesis, University of Manchester",
  YEAR =         "2010"
}

@ARTICLE{jones2011,
  AUTHOR =       "Jones, D. P. and Watkins, A. P.",
  TITLE =        "Droplet Size and Velocity Distributions for Spray Modelling",
  JOURNAL =      "Journal of Computational Physics",
  YEAR =         "2011",
  doi = "10.1016/j.jcp.2011.09.030",
  note = "accepted"
}

@ARTICLE{kaufmann2008,
  AUTHOR =       "A. Kaufmann, A. and Moreau, M. and Simonin, O. and Helie, J.",
  TITLE =        "Comparison between Lagrangian and mesoscopic Eulerian modelling approaches for inertial particles suspended in decaying isotropic turbulence",
  JOURNAL =      "Journal of Computational Physics",
  YEAR =         "2008",
  volume =       "227",
  pages =        "6448--6472"
}

@ARTICLE{kesavan1989,
  AUTHOR =       "Kesavan, H. K. and Kapur, J. N.",
  TITLE =        "The Generalized Maximum Entropy Principle",
  JOURNAL =      "IEEE transactions on systems, man, and cybernetics",
  YEAR =         "1989",
  volume =       "19",
  number =       "5",
  pages =        "1042--1052"
}

@ARTICLE{lahey2005,
  AUTHOR =       "Lahey, R. T.",
  TITLE =        "The simulation of multidimensional multiphase flows",
  JOURNAL =      "Nuclear Engineering and Design",
  YEAR =         "2005",
  volume =       "235",
  pages =        "1043--1060"
}

@ARTICLE{launder1974,
  AUTHOR =       "Launder, B. E. and Spalding, D. B.",
  TITLE =        "The numerical computation of turbulent flows",
  JOURNAL =      "Comput. Methods Appl. Mech. Eng.",
  YEAR =         "1974",
  volume =       "3",
  pages =        "269--289"
}

@ARTICLE{li2003,
  AUTHOR =       "Li, X. and Li, M.",
  TITLE =        "Droplet Size Distribution in Sprays Based on Maximization of Entropy Generation",
  JOURNAL =      "Entropy",
  YEAR =         "2003",
  volume =       "5",
  pages =        "417--431"
}

@ARTICLE{liu1997,
  AUTHOR =       "Liu, Z. and Reitz, R. D.",
  TITLE =        "An analysis of the distortion a n d breakup mechanisms of high speed liquid drops",
  JOURNAL =      "Int. J. Multiphase Flow",
  YEAR =         "1997",
  volume =       "23",
  number =       "4",
  pages =        "631--650"
}

@ARTICLE{lee2004,
  AUTHOR =       "Lee, S. W. and Daisho, Y.",
  TITLE =        "Spray characteristics of directly injected LPG",
  JOURNAL =      "Int. J. of Automotive Technology",
  YEAR =         "2004",
  volume =       "5",
  number =       "4",
  pages =        "239--245"
}

@ARTICLE{lemini2002,
  AUTHOR =       "Lemini, E. and Watkins, A. P.",
  TITLE =        "Development of a spray wall impaction model without discretisation into droplet size classes",
  JOURNAL =      "ILASS-Europe 2002",
  YEAR =         "2002"
}

@BOOK{lemini2004,
  AUTHOR =       "Lemini, E. E.",
  TITLE =        "A new methodology for modelling impinging sprays based on drop size moments",
  PUBLISHER =    "Ph. D. Thesis, UMIST",
  YEAR =         "2004"
}

@ARTICLE{marchisio2003,
  AUTHOR =       "Marchisio, D. L. and Pikturna, J. T. and Fox, R. O. and Vigil, R. D. and Barresi, A. A.",
  TITLE =        "Quadrature Method of Moments for Population-Balance Equations",
  JOURNAL =      "AIChE Journal",
  YEAR =         "2003",
  volume =       "49",
  number =       "5",
  pages =        "1266--1276"
}

@ARTICLE{marchisio2005,
  AUTHOR =       "Marchisio, D. L. and Fox, R. O.",
  TITLE =        "Solution of population balance equations using the direct quadrature method of moments",
  JOURNAL =      "Aerosol Science",
  YEAR =         "2005",
  volume =       "36",
  pages =        "43--73"
}

@BOOK{milne1968,
  AUTHOR =       "Milne-Thompson, L. M.",
  TITLE =        "Theoretical Hydrodynamics",
  PUBLISHER =    "McMillan & Co.",
  YEAR =         "1968",
  address =      "New York",
  edition =      "Fifth"
}

@ARTICLE{monaghan2005,
  AUTHOR =       "Monaghan, J. J.",
  TITLE =        "Smoothed particle hydrodynamics",
  JOURNAL =      "Reports on Progress in Physics",
  YEAR =         "2005",
  volume =       "68",
  pages =        "1703--1759"
}


@ARTICLE{mcgraw1997,
  AUTHOR =       "McGraw, R.",
  TITLE =        "Description of Aerosol Dynamics by the Quadrature Method of Moments",
  JOURNAL =      "Aerosol Science and Technology",
  YEAR =         "1997",
  volume =       "27",
  pages =        "255--265"
}

@ARTICLE{moreau2004,
  AUTHOR =       "Moreau, J. B. and Simonin, O. and C. Habchi, C.",
  TITLE =        "A Numerical Study of Cavitation Influence on Diesel Jet Atomisation",
  JOURNAL =      "Proceedings of the 19th ILASS - Europe Meeting 2004",
  YEAR =         "2004"
}

@ARTICLE{madsen2005,
  AUTHOR =       "Madsen, J. and Solberg, T. and Hjertager, B. H.",
  TITLE =        "Numerical Simulation of Sprays by the Direct Quadrature Method of Moments",
  JOURNAL =      "Proceedings of the 20th ILASS - Europe Meeting 2005",
  YEAR =         "2005"
}

@ARTICLE{moukalled2008,
  AUTHOR =       "Moukalled, F. and Darwish, M.",
  TITLE =        "Droplet evaporation and mixing in subsonic flow using the MUSIG and H-MUSIG models",
  JOURNAL =      "ILASS-Europe",
  YEAR =         "2008"
}

@ARTICLE{moukalled2008b,
  AUTHOR =       "Moukalled, F. and Darwish, M.",
  TITLE =        "A coupled finite volume solver for incompressible flows",
  JOURNAL =      "CNAAM",
  YEAR =         "2008"
}

@ARTICLE{muzaferija1999,
  AUTHOR =       "Muzaferija, S. and Peric, M.",
  TITLE =        "Computation of free-surface flows using interface tracking and interface-capturing methods",
  JOURNAL =      "Non-linear Water Wave Interaction",
  YEAR =         "1999",
  pages =        "59--100"
}

@ARTICLE{naber1988,
  AUTHOR =       "Naber, J. and Enright, B., and Farrell, P.",
  TITLE =        "Fuel impingement in a direct injection diesel engine",
  JOURNAL =      "SAE Technical Paper Series",
  YEAR =         "1988",
  number =       "881316",
  pages =        "1--14"
}

@ARTICLE{nicholls1972,
  AUTHOR =       "Nicholls, J. A.",
  TITLE =        "Stream and droplet breakup by shock waves",
  JOURNAL =      "in NASA SP–194 (Eds. D.T. Harrje and F.H. Reardon)",
  YEAR =         "1972",
  pages =        "126--128"
}

@BOOK{orourke1981,
  AUTHOR =       "O'Rourke, P.J.",
  TITLE =        "Collective Drop Effects on Vaporising Liquid Sprays",
  PUBLISHER =    "PhD Thesis, University of Princeton",
  YEAR =         "1981"
}

@ARTICLE{park2004,
  AUTHOR =       "Park, J. S. and Kim, H. S. and Lai, M. C.",
  TITLE =        "Visualization and measurement of a narrow-cone DI gasoline spray for the impingement analysis",
  JOURNAL =      "Int. J. of Automotive Technology",
  YEAR =         "2004",
  volume =       "5",
  number =       "4",
  pages =        "221--238"
}

@BOOK{milne1968,
  AUTHOR =       "Milne-Thompson, L. M.",
  TITLE =        "Theoretical Hydrodynamics",
  PUBLISHER =    "McMillan & Co.",
  YEAR =         "1968",
  address =      "New York",
  edition =      "Fifth"
}

@ARTICLE{obermeier1991,
  AUTHOR =       "Obermeier, F. and Chaves, H.",
  TITLE =        "Initial modelling of splashing phenomena",
  JOURNAL =      "IDEA Project, Subprogram A3",
  YEAR =         "1991"
}

@BOOK{patankar1980,
  AUTHOR =       "Patankar, S. V.",
  TITLE =        "Numerical heat transfer and fluid flow",
  PUBLISHER =    "Hemisphere publishing corporation",
  YEAR =         "1980",
  address =      "Taylor and Francis group, New York"
}

@ARTICLE{pilch1987,
  AUTHOR =       "Pilch, M. and Erdman, C. A.",
  TITLE =        "Use of breakup time data and velocity history data to predict the maximum size of stable fragments for acceleration-induced breakup of a liquid drop",
  JOURNAL =      "Int. J. Multiphase Flow",
  YEAR =         "1987",
  volume =       "13",
  number =       "6",
  pages =        "741--757"
}

@BOOK{press1992,
  AUTHOR =       "Press, W. H. and Flannery, B. P. and Teukolsky, S. A. and Vetterling, W. T.",
  TITLE =        "Numerical Recipes: The Art of Scientific Computing",
  PUBLISHER =    "Cambridge University Press",
  YEAR =         "1992"
}

@ARTICLE{reveillon2002,
  AUTHOR =       "Reveillon, J. and Massot, M. and Pera, C.",
  TITLE =        "Analysis and Modeling of the Dispersion of Vaporizing Polydispersed Sprays in Turbulent Flows",
  JOURNAL =      "Center for Turbulence Research Proceedings of the Summer Program",
  YEAR =         "2002"
}

@ARTICLE{ranz1952,
  AUTHOR =       "Ranz, W. E., and Marshall, W. R.",
  TITLE =        "Evaporation from drops — Parts I and II",
  JOURNAL =      "Chem. Eng. Prog.",
  YEAR =         "1952",
  volume =       "48",
  number =       "3"
}

@BOOK{reitz1978,
  AUTHOR =       "Reitz, R. D.",
  TITLE =        "Atomization and other Breakup Regimes of Liquid Jet",
  PUBLISHER =    "PhD Thesis, Princeton University, USA",
  YEAR =         "1978"
}

@ARTICLE{reitz1986,
  AUTHOR =       "Reitz, R. D. and Diwakar, R.",
  TITLE =        "Effect of drop breakup on fuel sprays",
  JOURNAL =      "SAE Technical Paper Series",
  YEAR =         "1986",
  number =       "860469"
}

@ARTICLE{reitz1987,
  AUTHOR =       "Reitz, R. D. and Diwakar, R.",
  TITLE =        "Structure of high-pressure fuel spray",
  JOURNAL =      "SAE Technical Paper Series",
  YEAR =         "1987",
  number =       "870598"
}

@ARTICLE{reitz1995,
  AUTHOR =       "Reitz, R. D. and Rutland, C. J.",
  TITLE =        "Development and testing of diesel engine  cfd models",
  JOURNAL =      "Prog. Energy Combust. Sci.",
  YEAR =         "1995",
  volume =       "21",
  pages =        "173--196"
}

@ARTICLE{ren1998,
  AUTHOR =       "Ren, W. M. and  Nally, J. F.",
  TITLE =        "Computations of Hollow-Cone Sprays from a Pressure Swirl Injector",
  JOURNAL =      "SAE Paper",
  YEAR =         "1998",
  number =       "982610"
}

@ARTICLE{sellens1989,
  AUTHOR =       "Sellens, R. W.",
  TITLE =        "Prediction of the Drop Size and Velocity Distribution in a Spray, Based on the Maximum Entropy Formalism",
  JOURNAL =      "Part. Syst. Charact.",
  YEAR =         "1989",
  volume =       "6",
  pages =        "17--27"
}

@ARTICLE{soriano2008,
  AUTHOR =       "Soriano, O. J. and Rotondi, R.",
  TITLE =        "Linking nozzle flow and primary breakup of high pressure diesel jets using cfd",
  JOURNAL =      "ILASS-Europe",
  YEAR =         "2008"
}

@ARTICLE{stanton1998,
  AUTHOR =       "Stanton, D. W. and Rutland, C. J.",
  TITLE =        "MULTI-DIMENSIONAL MODELING OF HEAT AND MASS TRANSFER OF FUEL FILMS RESULTING FROM IMPINGING SPRAYS",
  JOURNAL =      "SAE Paper",
  YEAR =         "1998",
  number =       "980132"
}

@ARTICLE{tatschl2002,
  AUTHOR =       "Tatschl, R. and Kunsberg, C. V. and Berg, E.",
  TITLE =        "IC-Engine Spray Modeling – Status and Outlook",
  JOURNAL =      "International Multidimensional Engine Modeling User’s Group Meeting, SAE Congress",
  YEAR =         "2002"
}

@ARTICLE{tomoda2001,
  AUTHOR =       "Tomoda, T. and Kubota, M. and Shimizu, R.",
  TITLE =        "Numerical Analysis of Mixture Formation of a Direct Injection Gasoline Engine",
  JOURNAL =      "The Fifth International Sympostum on Diagnostics and Modeling of Combustion in Internal Combustion Engines",
  YEAR =         "2001"
}

@ARTICLE{tagliani1999,
  AUTHOR =       "Tagliani, A.",
  TITLE =        "Hausdorff moment problem and maximum entropy: A unified approach",
  JOURNAL =      "Applied Mathematics and Computation",
  YEAR =         "1999",
  volume =       "105",
  pages =        "291--305"
}

@ARTICLE{tagliani2001,
  AUTHOR =       "Tagliani, A.",
  TITLE =        "Numerical aspects of finite {H}ausdorff moment problem by maximum entropy approach",
  JOURNAL =      "Applied Mathematics and Computation",
  YEAR =         "2001",
  volume =       "118",
  pages =        "133--149"
}

@ARTICLE{talenti1987,
  AUTHOR =       "Talenti, G.",
  TITLE =        "Recovering a function from a finite number of moments",
  JOURNAL =      "Inverse Problems",
  YEAR =         "1987",
  volume =       "3",
  pages =        "501--517"
}

@BOOK{ubbink1997,
  AUTHOR =       "Ubbink, O.",
  TITLE =        "Numerical predication of two fluid systems with sharp interfaces",
  PUBLISHER =    "Ph.D Thesis, University of London",
  YEAR =         "1997"
}

@BOOK{versteeg2006,
  AUTHOR =       "Versteeg, H. K. and Malalasekera, W.",
  TITLE =        "An Introduction to Computational Fluid Dynamics",
  PUBLISHER =    "Pearson",
  YEAR =         "2006",
  edition =      "Second"
}

@ARTICLE{vujanovic2008,
  AUTHOR =       "Vujanovic, M. and Edelbauer, W. and von Berg, E. and Tatschl, R. and Dui, N.",
  TITLE =        "Enhancement and validation of an {E}ulerian-{E}ulerian approach for diesel sprays",
  JOURNAL =      "ILASS-Europe",
  YEAR =         "2008"
}

@BOOK{wallis1969,
  AUTHOR =       "Wallis, G. B.",
  TITLE =        "One-Dimensional Two-Phase Flow",
  PUBLISHER =    "McGraw–Hill, New York",
  YEAR =         "1969"
}

@ARTICLE{wright2006,
  AUTHOR =       "Wright, D. L.",
  TITLE =        "numerical advection of moments of the particle size distribution in eulerian models",
  JOURNAL =      "J. Aerosol Sci.",
  YEAR =         "2006"
}

@ARTICLE{wigley2001,
  AUTHOR =       "Wigley, G. and Pitcher, G. and Law, D. and Schneider, B. and Rogers, S.",
  TITLE =        "Effect of Compression Pressure on the Spray Morphology of GDI Pressure-Swirl Injectors",
  JOURNAL =      "The Fifth International Sympostum on Diagnostics and Modeling of Combustion in Internal Combustion Engines",
  YEAR =         "2001"
}

@ARTICLE{wigley2004,
  AUTHOR =       "Wigley, G. and Pitcher, G. and Goodwin,M. and Blondel, D.",
  TITLE =        "Imaging and PDA analysis of a GDI spray in the near-nozzle region",
  JOURNAL =      "Experiments in Fluids",
  YEAR =         "2004",
  volume =       "36",
  pages =        "565--574"
}

@ARTICLE{watkins1987,
  AUTHOR =       "Watkins, A. P., and Khaleghi, H.",
  TITLE =        "Three-dimensional diesel engine spray modelling",
  JOURNAL =      "IMechE Symp. on Computers in Engine Technology, Cambridge, England",
  YEAR =         "1987"
  number =       "C12/87"
}

@ARTICLE{watkins2005,
  AUTHOR =       "Watkins, A. P.",
  TITLE =        "Transportation of sprays using the Beta distribution",
  JOURNAL =      "20th Annual Meeting of the Institute for Liquid Atomization and Spraying Systems (Europe)",
  YEAR =         "2005"
}

@ARTICLE{watkins2006,
  AUTHOR =       "Watkins, A. P.",
  TITLE =        "Modelling the Mean Temperatures used for Calculating Heat and Mass Transfer in Sprays",
  JOURNAL =      "International Journal of Heat and Fluid Flow",
  YEAR =         "2006"
}

@BOOK{white2003,
  AUTHOR =       "White, F. M.",
  TITLE =        "Fluid Mechanics",
  PUBLISHER =    "McGraw Hill",
  YEAR =         "2003",
  edition =      "Fifth",
}

@ARTICLE{woodbury2004,
  AUTHOR =       "Woodbury, A. D.",
  TITLE =        "A {F}ortran program to produce minimum relative entropy distributions",
  JOURNAL =      "Computers and Geosciences",
  YEAR =         "2004",
  volume =       "30",
  pages =        "131--138"
}

@ARTICLE{waclawczyk2006,
  AUTHOR =       "Waclawczyk, T. and Koronowicz, T",
  TITLE =        "Modeling of the wave breaking with CICSAM and HRIC high-resolution schemes",
  JOURNAL =      "European Conference on Computational Fluid Dynamics",
  YEAR =         "2006"
}

@ARTICLE{yue2004,
  AUTHOR =       "Yue, B. and Watkins, A. P.",
  TITLE =        "{M}athematical development and numerical analysis of further transport equations for the droplet size moment theory",
  JOURNAL =      "19th Annual Meeting of the Institute for Liquid Atomization and Spraying Systems (Europe)",
  YEAR =         "2004"
}

@ARTICLE{yuen1976,
  AUTHOR =       "Yuen, M. C., and Chen, L. W.",
  TITLE =        "On drag of evaporating liquid droplets",
  JOURNAL =      "Combust. Sci. and Tech.",
  YEAR =         "1976",
  volume =       "14",
  pages =        "147--154"
}

@ARTICLE{yoong2004,
  AUTHOR =       "Yoong, B. and Watkins, A. P.",
  TITLE =        "Modelling of liquefied petroleum gas spray development, evaporation and combustion",
  JOURNAL =      "Int. J. of Engine Res.",
  YEAR =         "2004",
  volume =       "5",
  number =       "6",
  pages =        "469--497"
}
