@book{barnes2002presocratic,
  author={Barnes, J.},
  year={2002},
  note="\emph{The Presocratic Philosophers} (London: Taylor \& Francis)\EatDot",
}
@book{barnes2002presocratic-ref,
  title={The Presocratic Philosophers},
  author={Barnes, J.},
  year={2002},
  publisher={Taylor \& Francis},
  address={London},
  edition={Revised edn}
}


@book{Barnes2014AristotleV1,
  author={Barnes, J.},
  year={2014},
  note={\emph{Complete Works of Aristotle: The Revised Oxford Translation}, 2 vols (Princeton: Princeton University Press), I\EatDot}
}
@book{Barnes2014AristotleV1-ref,
  title={Complete Works of Aristotle, Volume 1: The Revised Oxford Translation},
  author={Barnes, J.},
  series={Bollingen Series (General)},
  year={2014},
  address={Princeton},
  publisher={Princeton University Press}
}


@book{Barnes2014AristotleV2,
  author={Barnes, J.},
  year={2014},
  note={\emph{Complete Works of Aristotle: The Revised Oxford Translation}, 2 vols (Princeton: Princeton University Press), II\EatDot}
}
@book{Barnes2014AristotleV2,
  title={Complete Works of Aristotle, Volume 2: The Revised Oxford Translation},
  author={Barnes, J.},
  series={Bollingen Series (General)},
  year={2014},
  publisher={Princeton University Press}
}


@book{blackburn1994oxford,
  author={Blackburn, Simon},
  year={1994},
  note={\emph{The Oxford Dictionary of Philosophy} (Oxford: Oxford University Press)\EatDot}
}


@book{blackburn2005oxford,
  author={Blackburn, Simon},
  year={2005},
  note={\emph{The Oxford Dictionary of Philosophy} (Oxford: Oxford University Press)\EatDot}
}
@book{blackburn2005oxford-ref,
  title={The Oxford Dictionary of Philosophy},
  author={Blackburn, Simon},
  series={Oxford Paperback Reference},
  year={2005},
  publisher={Oxford University Press},
  address={Oxford}
}


@book{Blackburn2018TLS,
  author = {Simon Blackburn},
  year={2018},
  note = {`Enlightened thinking?', \emph{Times Literary Supplement}, 5 September, p. 4\EatDot}
}


@book{Chalmers2013-CHAPAP-17,
  author={David Chalmers},
  year={2016},
  note={`Panpsychism and Panprotopsychism', in \emph{Panpsychism: Contemporary Perspectives}, ed. by Godehard Bruntrup and Ludwig Jaskolla (Oxford: Oxford University Press), pp. 19--44\EatDot}
}
@book{Chalmers2013-CHAPAP-17-org,
  author={David Chalmers},
  year={2013},
  note={`Panpsychism and Panprotopsychism', \emph{Amherst Lecture in Philosophy}, 8\EatDot}
}
@article{Chalmers2013-CHAPAP-17-ref,
	title = {Panpsychism and Panprotopsychism},
	year = {2013},
	author = {David Chalmers},
	volume = {8},
	journal = {Amherst Lecture in Philosophy}
}


@book{Chalmers1996-CHATCM,
  author={David Chalmers},
  year={1996},
  note={\emph{The Conscious Mind: In Search of a Fundamental Theory} (Oxford: Oxford University Press)\EatDot}
}
@book{Chalmers1996-CHATCM-ref,
	publisher = {Oxford University Press},
        address = {Oxford},
	title = {The Conscious Mind: In Search of a Fundamental Theory},
	author = {David J. Chalmers},
	year = {1996}
}


@book{cohen-heracli,
  author = {Cohen, S. Marc},
  year = {2002},
  note = {`Heraclitus', {University of Washington} {\textless}\url{https://faculty.washington.edu/smcohen/320/heracli.htm}{\textgreater} [accessed 1 June 2019]\EatDot}
}


@book{cohen-parm1,
  author = {Cohen, S. Marc},
  year = {2003},
  note = {`Parmenides', {University of Washington} {\textless}\url{https://faculty.washington.edu/smcohen/320/parm1.htm}{\textgreater} [accessed 1 June 2019]\EatDot}
}


@book{descartes-meditations,
  author = {Descartes, Rene},
  year = {1911},
  note = {\emph{Meditations on First Philosophy}, trans. by Elizabeth S. Haldane (Cambridge: Cambridge University Press)\EatDot}
}


@book{dominguez1991metaphysics,
  author={Dom{\'\i}nguez, T.A. and Clavell, L. and Melendo, T. and Supan, L. and Guzm{\'a}n, M.},
  year={1991},
  note={\emph{Metaphysics} (Manila: Sinag-Tala)\EatDot}
}
@book{dominguez1991metaphysics-ref,
  title={Metaphysics},
  author={Dom{\'\i}nguez, T.A. and Clavell, L. and Melendo, T. and Supan, L. and Guzm{\'a}n, M.},
  series={Philosophy Books Series},
  year={1991},
  publisher={Sinag-Tala}
}


@book{freddoso-cause-effect,
  author={Alfred J. Freddoso},
  year={},
  note={`Aristotelianism and the Thesis That There is a Necessary Connection Between Cause and Effect', {University of Notre Dame} {\textless}\url{https://www3.nd.edu/~afreddos/courses/655/neccon.htm}{\textgreater} [accessed 1 June 2019]\EatDot}
}
@misc{freddoso-cause-effect-ref,
  author = {Alfred J. Freddoso},
  title = {Aristotelianism and the Thesis That  There is a Necessary Connection Between Cause and Effect},
  howpublished = {{\textless}\url{https://www3.nd.edu/~afreddos/courses/655/neccon.htm}{\textgreater}},
  note = {[accessed 1 June 2019]}
}


@book{fuchs-2006-thought,
  author={Thomas Fuchs},
  year={2006},
  note={`Ethical Issues in Neuroscience', \emph{Current Opinion in Psychiatry}, 19, 6, 600--07\EatDot}
}
@article{fuchs-2006-thought-ref,
	author = {Thomas Fuchs},
	volume = {19},
	title = {Ethical Issues in Neuroscience},
	number = {6},
	pages = {600--07},
	journal = {Current Opinion in Psychiatry},
	year = {2006}
}


@book{feser-2004-searle,
  AUTHOR = {Edward Feser},
  year = {2004},
  note = {`Why Searle Is a Property Dualist', \emph{American Philosophical Association}, Pacific Division meeting, Pasadena, CA, 24--28 March {\textless}\url{http://www.edwardfeser.com/unpublishedpapers/searle.html}{\textgreater} [accessed 1 June 2019]\EatDot}
}


@book{Feser2018TLS,
  author = {Edward Feser},
  year={2018},
  note = {`Reason and religion', \emph{Times Literary Supplement}, 14 September, p. 6\EatDot},
}


@book{Feser2013-FESBAA,
  author={Edward Feser},
  year={2013},
  note={`Between Aristotle and William Paley: Aquinas's Fifth Way', \emph{Nova et Vetera}, 11, 3\EatDot}
}
@article{Feser2013-FESBAA-ref,
	author = {Edward Feser},
	volume = {11},
	number = {3},
	journal = {Nova et Vetera},
	title = {Between Aristotle and William Paley: Aquinas's Fifth Way},
	publisher = {De Gruyter},
	year = {2013}
}


@book{feser2006philosophy,
  author={Edward Feser},
  year={2006},
  note={\emph{Philosophy of Mind: A Beginner's Guide} (London: Oneworld Publications)\EatDot}
}
@book{feser2006philosophy-ref,
  title={Philosophy of Mind: A Beginner's Guide},
  author={Edward Feser},
  series={Beginner's Guides},
  year={2006},
  publisher={Oneworld Publications},
  address={London},
}


@book{feser2009aquinas,
  author={Edward Feser},
  year={2009},
  note={\emph{Aquinas: A Beginner's Guide} (London: Oneworld Publications)\EatDot}
}
@book{feser2009aquinas-ref,
  title={Aquinas: A Beginner's Guide},
  author={Edward Feser},
  year={2009},
  publisher={Oneworld Publications},
  address={London},
}


@book{feser2017five,
  author={Edward Feser},
  year={2017},
  note={\emph{Five Proofs for the Existence of God} (San Francisco: Ignatius Press)\EatDot}
}
@book{feser2017five-ref,
  title={Five Proofs for the Existence of God},
  author={Edward Feser},
  year={2017},
  publisher={Ignatius Press},
  address={San Francisco},
}


@book{feser2019aristotle,
  author={Edward Feser},
  year={2019},
  note={\emph{Aristotle's Revenge: The Metaphysical Foundations of Physical and Biological Science} (Heusenstamm: Editiones Scholasticae)\EatDot}
}
@book{feser2019aristotle-ref,
  title={Aristotle's Revenge: The Metaphysical Foundations of Physical and Biological Science},
  author={Edward Feser},
  year={2019},
  publisher={Editiones Scholasticae},
  address={Heusenstamm},
}


@book{feser2014scholastic,
  author={Edward Feser},
  year={2014},
  note={\emph{Scholastic Metaphysics: A Contemporary Introduction} (Heusenstamm: Editiones Scholasticae)\EatDot}
}
@book{feser2014scholastic-ref,
  title={Scholastic Metaphysics: A Contemporary Introduction},
  author={Edward Feser},
  year={2014},
  publisher={Editiones Scholasticae},
  address={Heusenstamm},
}


@book{fitt1983ancilla,
  author={Fitt, M. and Freeman, K.},
  year={1983},
  note={\emph{Ancilla to the Pre-Socratic Philosophers} (Harvard, MA: Harvard University Press)\EatDot}
}
@book{fitt1983ancilla-ref,
  title={Ancilla to the Pre-Socratic Philosophers: A Complete Translation of the Fragments in Diels, Fragmente Der Vorsokratiker},
  author={Fitt, M. and Freeman, K.},
  year={1983},
  publisher={Harvard University Press},
  address={Harvard, MA},
}


@book{goff2019galileo,
  author={Goff, P.},
  year={2019},
  note={\emph{Galileo's Error: A New Science of Consciousness} (London: Ebury Publishing)\EatDot}
}
@book{goff2019galileo-ref,
  title={Galileo's Error: A New Science of Consciousness},
  author={Goff, P.},
  year={2019},
  publisher={Ebury Publishing},
  address={London},
}


@book{gilson2011methodical,
  author={Gilson, E.},
  year={2011},
  note={\emph{Methodical Realism} (San Francisco: Ignatius Press)\EatDot}
}
@book{gilson2011methodical-ref,
  title={Methodical Realism},
  author={Gilson, E.},
  year={2011},
  publisher={Ignatius Press}
}


@book{Haugeland1982-HAUWS,
  author={John Haugeland},
  year={1982},
  note={`Weak Supervenience', \emph{American Philosophical Quarterly}, 19: 93--103\EatDot}
}
@article{Haugeland1982-HAUWS-ref,
	year = {1982},
	author = {John Haugeland},
	publisher = {University of Illinois Press},
	journal = {American Philosophical Quarterly},
	title = {Weak Supervenience},
	number = {January},
	pages = {93--103},
	volume = {19}
}


@book{sep-temporal-parts,
  author={Hawley, Katherine},
  year={2018},
  note={`Temporal Parts', \emph{The Stanford Encyclopedia of Philosophy}, Spring 2018 Edition, ed. by Edward N. Zalta {\textless}\url{https://plato.stanford.edu/archives/spr2018/entries/temporal-parts/}{\textgreater} [accessed 1 June 2019]\EatDot}
}
@InCollection{sep-temporal-parts-ref,
	author       =	{Hawley, Katherine},
	title        =	{Temporal Parts},
	booktitle    =	{The Stanford Encyclopedia of Philosophy},
	editor       =	{Edward N. Zalta},
	howpublished =	{{\textless}\url{https://plato.stanford.edu/archives/spr2018/entries/temporal-parts/}{\textgreater}},
	year         =	{2018},
	edition      =	{Spring 2018},
	publisher    =	{Metaphysics Research Lab, Stanford University}
}


@book{Kim1966-KIMOTP,
  author={Jaegwon Kim},
  year={1966},
  note={`On the Psycho-Physical Identity Theory', \emph{American Philosophical Quarterly}, 3.3: 227--35\EatDot}
}
@article{Kim1966-KIMOTP-ref,
	number = {3},
	title = {On the Psycho-Physical Identity Theory},
	publisher = {University of Illinois Press},
	author = {Jaegwon Kim},
	volume = {3},
	pages = {227--35},
	year = {1966},
	journal = {American Philosophical Quarterly}
}


@book{iep-universals,
  author = {MacLeod, Mary C. and Rubenstein, Eric M.},
  year = {2019},
  note = {`Universals', \emph{The Internet Encyclopedia of Philosophy} {\textless}\url{https://www.iep.utm.edu/universa/}{\textgreater} [accessed 1 June 2019]}
}


@book{Jackson1982-JACEQ,
  author={Frank Jackson},
  year={1982},
  note={`Epiphenomenal Qualia', \emph{Philosophical Quarterly}, 32: 127--36\EatDot}
}
@article{Jackson1982-JACEQ-ref,
	title = {Epiphenomenal Qualia},
	year = {1982},
	number = {April},
	publisher = {Wiley-Blackwell},
	pages = {127--36},
	journal = {Philosophical Quarterly},
	author = {Frank Jackson},
	volume = {32}
}


@book{Kim2005-KIMPOS,
  author={Jaegwon Kim},
  year={2005},
  note={\emph{Physicalism, or Something Near Enough} (Princeton: Princeton University Press)\EatDot}
}
@book{Kim2005-KIMPOS-ref,
	title = {Physicalism, or Something Near Enough},
	year = {2005},
	author = {Jaegwon Kim},
	publisher = {Princeton University Press}
}


@book{klima-aquinas-contemporary,
  author={Gyula Klima},
  year={2019},
  note={`Aquinas's Reception in Contemporary Metaphysics', \emph{Oxford Handbook of the Reception of Aquinas}\EatDot}
}
@unpublished{klima-aquinas-contemporary-ref,
	author = {Gyula Klima},
	publisher = {Oxford Handbook of the Reception of Aquinas, 2020},
	title = {Aquinas’ Reception in Contemporary Metaphysics},
	year = {2019}
}


@book{Levine1983-LEVMAQ,
  author={Joseph Levine},
  year={1983},
  note={`Materialism and Qualia: The Explanatory Gap', \emph{Pacific Philosophical Quarterly}, 64: 354--61\EatDot}
}
@article{Levine1983-LEVMAQ-ref,
	journal = {Pacific Philosophical Quarterly},
	number = {October},
	year = {1983},
	pages = {354--61},
	volume = {64},
	author = {Joseph Levine},
	title = {Materialism and Qualia: The Explanatory Gap},
	publisher = {Wiley-Blackwell}
}


@book{Libet2002-LIBDWH-2,
  author={Benjamin W. Libet},
  year={2002},
  note={`Do We Have Free Will?', \emph{Journal of Consciousness Studies}, 551--64\EatDot}
}
@incollection{Libet2002-LIBDWH-2-ref,
	editor = {Robert H. Kane},
	publisher = {Oxford University Press},
	year = {2002},
	author = {Benjamin W. Libet},
	title = {Do We Have Free Will?},
	booktitle = {Journal of Consciousness Studies},
	pages = {551--64}
}


@book{Lowe2006-LOWNSD,
  author={E. J. Lowe},
  year={2006},
  note={`Non-Cartesian Substance Dualism and the Problem of Mental Causation', \emph{Erkenntnis}, 65.1: 5--23\EatDot}
}
@article{Lowe2006-LOWNSD-ref,
	title = {Non-Cartesian Substance Dualism and the Problem of Mental Causation},
	journal = {Erkenntnis},
	volume = {65},
	pages = {5--23},
	author = {E. J. Lowe},
	year = {2006},
	number = {1},
	publisher = {Springer}
}


@book{Lowe2000-LOWCCP,
  author={E. J. Lowe},
  year={2000},
  note={`Causal Closure Principles and Emergentism', \emph{Philosophy}, 75, 294, 571--86\EatDot}
}
@article{Lowe2000-LOWCCP-ref,
	number = {294},
	pages = {571--86},
	journal = {Philosophy},
	title = {Causal Closure Principles and Emergentism},
	volume = {75},
	year = {2000},
	author = {E. J. Lowe},
	publisher = {Cambridge University Press}
}


@book{sep-change,
  author={Mortensen, Chris},
  year={2016},
  note={`Change and Inconsistency', \emph{The Stanford Encyclopedia of Philosophy}, Spring 2018 Edition, ed. by Edward N. Zalta {\textless}\url{https://plato.stanford.edu/archives/win2016/entries/change/}{\textgreater} [accessed 1 June 2019]\EatDot}
}
@InCollection{sep-change-ref,
	author       =	{Mortensen, Chris},
	title        =	{Change and Inconsistency},
	booktitle    =	{The Stanford Encyclopedia of Philosophy},
	editor       =	{Edward N. Zalta},
	howpublished =	{{\textless}\url{https://plato.stanford.edu/archives/win2016/entries/change/}{\textgreater}},
	year         =	{2016},
	edition      =	{Winter 2016},
	publisher    =	{Metaphysics Research Lab, Stanford University}
}


@book{Nagel1974-NAGWII,
  author={Thomas Nagel},
  year={1974},
  note={`What is It Like to Be a Bat?', \emph{Philosophical Review}, 83: 435--50\EatDot}
}
@article{Nagel1974-NAGWII-ref,
	number = {October},
	year = {1974},
	publisher = {Cambridge University Press},
	author = {Thomas Nagel},
	volume = {83},
	title = {What is It Like to Be a Bat?},
	journal = {Philosophical Review},
	pages = {435--50}
}


@book{Oderberg2017Death,
  author={David Oderberg},
  year={2017},
  note={`{Death and Donation}', Dominican School of Philosophy and Theology, Berkeley, CA {\textless}\url{https://www.youtube.com/watch?v=9j4B6-XzirU}{\textgreater} [accessed 1 June 2019]\EatDot}
}


@book{Oderberg2007-ODERE-2,
  author={David Oderberg},
  year={2007},
  note={\emph{Real Essentialism} (London: Routledge)\EatDot}
}
@book{Oderberg2007-ODERE-2-ref,
	publisher = {Routledge},
        address = {London},
	author = {David Oderberg},
	year = {2007},
	title = {Real Essentialism}
}


@book{Oderberg2005-ODEHD,
  author={David Oderberg},
  year={2005},
  note={`Hylemorphic Dualism', \emph{Social Philosophy and Policy}, 22.2: 70--99\EatDot}
}
@article{Oderberg2005-ODEHD-ref,
	pages = {70--99},
	author = {David Oderberg},
	number = {2},
	journal = {Social Philosophy and Policy},
	volume = {22},
	year = {2005},
	title = {Hylemorphic Dualism},
	publisher = {Cambridge University Press},
}


@book{Oderberg2017-ODEFRP,
  author={David Oderberg},
  year={2017},
  note={`Finality Revived: Powers and Intentionality', \emph{Synthese}, 194, 7, 2387--25\EatDot}
}
@article{Oderberg2017-ODEFRP-ref,
	pages = {2387--25},
	journal = {Synthese},
	year = {2017},
	author = {David Oderberg},
	number = {7},
	publisher = {Springer},
	volume = {194},
	title = {Finality Revived: Powers and Intentionality}
}


@book{Oderberg2006-ODEICW-2,
  author={David Oderberg},
  year={2006},
  note={`{Instantaneous Change Without Instants}', in \emph{Analytical Thomism: Traditions in Dialogue}, ed. by C. Paterson and M. S. Pugh (Aldershot: Ashgate), pp. 101--18\EatDot}
}
@incollection{Oderberg2006-ODEICW-2-ref,
	title = {Instantaneous Change Without Instants},
	booktitle = {Analytical Thomism: Traditions in Dialogue},
       	editor = {C. Paterson and M. S. Pugh},
	year = {2006},
	pages = {101-18},
	author = {David Oderberg},
	publisher = {Ashgate},
        address = {Aldershot},
}


@book{Oderberg2008-Inorganic,
  author={David Oderberg},
  year={2008},
  note={`{Teleology: Inorganic and Organic}', in \emph{Contemporary Perspectives on Natural Law}, ed. by Ana Marta Gonzalez (Aldershot: Ashgate), 259--79\EatDot}
}
@incollection{Oderberg2008-Inorganic-ref,
	year = {2008},
	author = {David Oderberg},
	title = {Teleology: Inorganic and Organic},
	booktitle = {Contemporary Perspectives on Natural Law},
	publisher = {Ashgate},
        address = {Aldershot},
	pages = {259--79},
	editor = {Ana Marta Gonzalez}
}


@book{Oderberg2010-ODEWIC,
  author={David Oderberg},
  year={2010},
  note={`{``Whatever is Changing is Being Changed by Something Else'': A Reappraisal of Premise One of the First Way}', in \emph{Mind, Method, and Morality: Essays in Honour of Anthony Kenny}, ed. by John Cottingham and Peter Hacker (Oxford: Oxford University Press), pp. 140--64\EatDot}
}
@incollection{Oderberg2010-ODEWIC-ref,
	year = {2010},
	author = {David Oderberg},
	title = {Whatever is Changing is Being Changed by Something Else: A Reappraisal of Premise One of the First Way},
	booktitle = {Mind, Method, and Morality: Essays in Honour of Anthony Kenny},
	publisher = {Oxford University Press},
        address = {Oxford},
	editor = {John Cottingham and Peter Hacker},
	pages = {140--64},
}


@book{Oderberg2014-ODEIFS,
  author={David Oderberg},
  year={2014},
  note={`{Is Form Structure?}', in \emph{Neo-Aristotelian Perspectives in Metaphysics}, ed. by D. D. Novotn\'y and L. Nov\'ak (London: Routledge), 164--80\EatDot}
}
@incollection{Oderberg2014-ODEIFS-ref,
	title = {Is Form Structure?},
	booktitle = {Neo-Aristotelian Perspectives in Metaphysics},
	year = {2014},
	publisher = {Routledge},
        address = {London},
	author = {David Oderberg},
	editor = {D. D. Novotn\'y and L. Nov\'ak},
	pages = {164--80},
}


@book{Papineau2001-PAPTRO,
  author={David Papineau},
  year={2001},
  note={`{The Rise of Physicalism}', in \emph{Physicalism and its Discontents}, ed. by Carl Gillett and Barry M. Loewer (Cambridge: Cambridge University Press), pp. 3--36\EatDot}
}
@incollection{Papineau2001-PAPTRO-ref,
	author = {David Papineau},
	publisher = {Cambridge University Press},
        address = {Cambridge},
	editor = {Carl Gillett and Barry M. Loewer},
	year = {2001},
	title = {The Rise of Physicalism},
	booktitle = {Physicalism and its Discontents}
}


@book{Oderberg2002Individuation,
  author={David Oderberg},
  year={2002},
  note={`{Hylomorphism and Individuation}', in \emph{Mind, Metaphysics, and Value in the Thomistic and Analytical Traditions}, ed. by J. Haldane (Notre Dame, IN: University of Notre Dame Press), pp. 125--42\EatDot}
}


@book{papineau2002thinking,
  author={David Papineau},
  year={2002},
  note={\emph{Thinking about Consciousness} (Oxford: Clarendon Press)\EatDot}
}
@book{papineau2002thinking-ref,
  title={Thinking about Consciousness},
  author={Papineau, David},
  year={2002},
  publisher={Clarendon Press}
}


@book{pink2004free,
  author={Pink, Thomas},
  year={2004},
  note={\emph{Free Will: A Very Short Introduction} (Oxford: Oxford Paperbacks)\EatDot}
}
@book{pink2004free-ref,
  title={Free Will: A Very Short Introduction},
  author={Pink, Thomas},
  series={Very Short Introductions},
  year={2004},
  publisher={Oxford Paperbacks}
}


@book{pinker2018enlightenment,
  author={Pinker, Steven},
  year={2018},
  note={\emph{Enlightenment Now: The Case for Reason, Science, Humanism, and Progress} (London: Penguin Books Limited)\EatDot}
}
@book{pinker2018enlightenment-ref,
  title={Enlightenment Now: The Case for Reason, Science, Humanism, and Progress},
  author={Pinker, S.},
  year={2018},
  publisher={Penguin Books Limited}
}


@book{Robinson2014-ROBMHA-3,
  author={Howard Robinson},
  year={2014},
  note={`Modern Hylomorphism and the Reality and Causal Power of Structure: A Skeptical Investigation', \emph{Res Philosophica}, 91, 2, 203--14\EatDot}
}
@article{Robinson2014-ROBMHA-3-ref,
	year = {2014},
	journal = {Res Philosophica},
	volume = {91},
	pages = {203--14},
	publisher = {Philosophy Department, St. Louis University},
	title = {Modern Hylomorphism and the Reality and Causal Power of Structure: A Skeptical Investigation},
	author = {Howard Robinson},
	number = {2}
}


@book{Robinson2018-talk,
  author={Howard Robinson},
  year={2018},
  note={`Aristotelian Dualism, Good: Aristotelian Hylomorphism, Bad', {unpublished MS of a talk delivered at Gothenburg University, Sweden}\EatDot}
}
@unpublished{Robinson2018-talk-ref,
	author = {Howard Robinson},
	publisher = {Gothenburg University, Sweden},
	title = {Aristotelian Dualism, Good: Aristotelian Hylomorphism, Bad},
	year = {2018}
}


@book{Searle2002-SEAWIA,
  author={John Searle},
  year={2002},
  note={`Why I Am Not a Property Dualist', \emph{Journal of Consciousness Studies}, 9.12: 57--64\EatDot}
}
@article{Searle2002-SEAWIA-ref,
	pages = {57--64},
	publisher = {Imprint Academic},
	number = {12},
	journal = {Journal of Consciousness Studies},
	title = {Why I Am Not a Property Dualist},
	year = {2002},
	volume = {9},
	author = {John Searle}
}


@book{Searle1980-SEAMBA,
  author={John Searle},
  year={1980},
  note={`Minds, Brains, and Programs', \emph{Behavioral and Brain Sciences}, 3.3: 417--57\EatDot}
}
@article{Searle1980-SEAMBA-ref,
	journal = {Behavioral and Brain Sciences},
	author = {John Searle},
	pages = {417--57},
	volume = {3},
	year = {1980},
	number = {3},
	title = {Minds, Brains, and Programs}
}


@book{Strawson2006-STRRM-2,
  author={Galen Strawson},
  year={2006},
  note={`Realistic Monism -- Why Physicalism Entails Panpsychism', \emph{Journal of Consciousness Studies}, 13.10/11: 3--31\EatDot}
}
@article{Strawson2006-STRRM-2-ref,
	year = {2006},
	volume = {13},
	number = {10-11},
	publisher = {Imprint Academic},
	author = {Galen Strawson},
	title = {Realistic Monism - Why Physicalism Entails Panpsychism},
	journal = {Journal of Consciousness Studies},
	pages = {3--31}
}


@book{Smart1959-SMASAB,
  author={Smart, J. J. C.},
  year={1959},
  note={`Sensations and Brain Processes', \emph{Philosophical Review}, 68, April, 141--56\EatDot}
}
@article{Smart1959-SMASAB-ref,
	author = {Smart, J. J. C.},
	volume = {68},
	year = {1959},
	publisher = {Duke University Press},
	journal = {Philosophical Review},
	number = {April},
	pages = {141--56},
	title = {Sensations and Brain Processes}
}


@book{sep-physicalism,
  author={Stoljar, Daniel},
  year={2017},
  note={`Physicalism', \emph{The Stanford Encyclopedia of Philosophy}, Spring 2018 Edition, ed. by Edward N. Zalta {\textless}\url{https://plato.stanford.edu/archives/win2017/entries/physicalism/}{\textgreater} [accessed 1 June 2019]\EatDot}
}
@InCollection{sep-physicalism-ref,
	author       =	{Stoljar, Daniel},
	title        =	{Physicalism},
	booktitle    =	{The Stanford Encyclopedia of Philosophy},
	editor       =	{Edward N. Zalta},
	howpublished =	{{\textless}\url{https://plato.stanford.edu/archives/win2017/entries/physicalism/}{\textgreater}},
	year         =	{2017},
	edition      =	{Winter 2017},
	publisher    =	{Metaphysics Research Lab, Stanford University}
}


@book{twenty-four-theses,
  author = {Sacred Congregation of Studies},
  year={1914},
  note = {`The Twenty-Four Fundamental Theses Of Official Catholic Philosophy', ed. by P. Lumbreras {\textless}\url{http://www.u.arizona.edu/~aversa/scholastic/24Thomisticpart2.htm}{\textgreater} [accessed 1 June 2019]},
}


@book{de1981christian,
  author={de Torre, Joseph},
  year={1981},
  note={\emph{Christian Philosophy}, 3rd edn (Manila: Sinag-Tala)\EatDot}
}
@book{de1981christian-ref,
  title={Christian Philosophy},
  author={de Torre, Joseph},
  publisher={Sinag-Tala},
  address = {Manila},
  edition = {3rd edn},
  year={1981}
}


@book{wuellner2011summary,
  author={Wuellner, Bernard J.},
  year={2011},
  note={\emph{Summary of Scholastic Principles} (Whitefish, MT: Literary Licensing LLC)\EatDot}
}
@book{wuellner2011summary-ref,
  title={Summary of Scholastic Principles},
  author={Wuellner, B. J.},
  year={2011},
  publisher={Literary Licensing LLC},
  address={Whitefish, MT}
}





@book{pinckaers1995sources,
  author={Pinckaers, S. and Noble, M.T.},
  year={1995},
  note={\emph{The Sources of Christian Ethics}, 3rd edn (Washington, D.C.: Catholic University of America Press)\EatDot}
}
@book{pinckaers1995sources-ref,
  title={The Sources of Christian Ethics},
  author={Pinckaers, S. and Noble, M.T.},
  year={1995},
  publisher={Catholic University of America Press}
}



@book{Anscombe1993-CAD,
  author = {G. E. M. Anscombe},
  year = {1993},
  note={`{Causality and Determination}', in \emph{Causation}, ed. by E. Sosa and M. Tooley (Oxford: Oxford University Press), pp. 88--104\EatDot}
}


@book{sep-aristotle-categories,
  author={Studtmann, Paul},
  year={2018},
  note={`Aristotle's Categories', \emph{The Stanford Encyclopedia of Philosophy}, Spring 2018 Edition, ed. by Edward N. Zalta {\textless}\url{https://plato.stanford.edu/archives/fall2018/entries/aristotle-categories/}{\textgreater} [accessed 1 June 2019]\EatDot}
}
