%@BOOK{ref,
%  AUTHOR =       "",
%  editor =       "",
%  TITLE =        "",
%  PUBLISHER =    "",
%  YEAR =         "",
%  volume =       "",
%  number =       "",
%  series =       "",
%  address =      "",
%  edition =      "",
%  month =        "",
%  note =         "",
%  abstract =     "",
%  isbn =         "",
%  price =        "",
%  keywords =     "",
%  source =       "",
%}

%@INBOOK{ref,
%  AUTHOR =       "",
%  editor =       "",
%  TITLE =        "",
%  CHAPTER =      "",
%  pages =        "",
%  PUBLISHER =    "",
%  YEAR =         "",
%  volume =       "",
%  number =       "",
%  series =       "",
%  type =         "",
%  address =      "",
%  edition =      "",
%  month =        "",
%  note =         "",
%  abstract =     "",
%  keywords =     "",
%}


%@ARTICLE{ref,
%  AUTHOR =       "",
%  TITLE =        "",
%  JOURNAL =      "",
%  YEAR =         "",
%  volume =       "",
%  number =       "",
%  pages =        "--",
%  month =        "",
%  note =         "",
%  abstract =     "",
%  keywords =     "",
%  source =       "",
%}

%@PROCEEDINGS{ref,
%  TITLE =        "",
%  YEAR =         "",
%  editor =       "",
%  publisher =    "",
%  volume =       "",
%  number =       "",
%  series =       "",
%  organization = "",
%  address =      "",
%  month =        "",
%  note =         "",
%  abstract =     "",
%  isbn =         "",
%  price =        "",
%  keywords =     "",
%  source =       "",
%}

%@INPROCEEDINGS{ref,
%  AUTHOR =       "",
%  TITLE =        "",
%  BOOKTITLE =    "",
%  YEAR =         "",
%  editor =       "",
%  volume =       "",
%  number =       "",
%  series =       "",
%  pages =        "",
%  address =      "",
%  month =        "",
%  organization = "",
%  publisher =    "",
%  note =         "",
%  abstract =     "",
%  keywords =     "",
%}

%@UNPUBLISHED{ref,
%  AUTHOR =       "",
%  TITLE =        "",
%  NOTE =         "",
%  year =         "",
%  month =        "",
%  abstract =     "",
%  keywords =     "",
%  source =       "",
%}

%%% 2016 %%%

@INPROCEEDINGS{jones2016proceedings,
  AUTHOR =       "Jones, D. P.",
  TITLE =        "Block Scope Differentiation",
  BOOKTITLE =    "7th International Conference on Algorithmic Differentiation",
  YEAR =         "2016",
  address =      "Oxford, UK",
  month =        "September",
  organization = "SIAM"
}


@UNPUBLISHED{jones2016presentation,
AUTHOR = {Jones, D. P.},
TITLE = {Block Scope Differentiation},
year = {2016},
month = {September},
NOTE = {7\textsuperscript{th} International Conference on Algorithmic Differentiation, Oxford University},
URL = {http://www.autodiff.org/ad16/Oral/Jones_Block.pdf},
}


%%% 2013 %%%

@UNPUBLISHED{jones2013presentation,
AUTHOR = {Jones, D. P.},
TITLE = {Discrete Adjoint; an industrial Perspective},
year = {2013},
month = {December},
NOTE = {14\textsuperscript{th} European Workshop on Automatic Differentiation, Oxford University},
URL = {http://www.autodiff.org/Docs/euroad/},
}


%%% 2012 %%%

@ARTICLE{jones2012journal,
  AUTHOR =       "Jones, D. P. and Watkins, A. P.",
  TITLE =        "Droplet Size and Velocity Distributions for Spray Modelling",
  JOURNAL =      "Journal of Computational Physics",
  YEAR =         "2012",
  volume =       {231},
  number =       {2},
  pages =        {676--692},
  month =        {July},
}


@INPROCEEDINGS{jones2012proceedings,
  AUTHOR =       "Muller, J.-D. and Jones, D. P. and Jahn, W. and Xu, S.",
  TITLE =        "Discrete adjoint solvers for industrial design optimisation",
  BOOKTITLE =    "Conference on Industrial Design Optimisation for Fluid Flow",
  YEAR =         "2012",
  editor =       "",
  address =      "Munich, Germany",
  month =        "March",
  organization = "Technical University Munich",
}


@UNPUBLISHED{jahn2012presentation,
AUTHOR = {Jahn, W. and Xu, S. and Jones, D. P. and Muller, J.-D.},
TITLE = {CAD-based shape optimisation using a discrete adjoint solver},
year = {2012},
month = {March},
}


@INPROCEEDINGS{jones2012proceedings,
  AUTHOR =       "Jones, D. P. and Muller, J.-D. and Bayyuk, S.",
  TITLE =        "CFD Development with Automatic Differentiation",
  BOOKTITLE =    "50th AIAA Aerospace Sciences Meeting including the New Horizons Forum and Aerospace Exposition",
  YEAR =         "2012",
  editor =       "",
  address =      "Nashville, Tennessee",
  month =        "",
  organization = "AIAA",
}


%%% 2011 %%%

@INPROCEEDINGS{christakopoulos2011proceedings,
  AUTHOR =       "Christakopoulos, F. and Muller, J.-D. and Jones, D. P.",
  TITLE =        "Second derivatives in CFD via Automatic Differentiation and validation",
  BOOKTITLE =    "CFD \& Optimisation conference proceedings",
  YEAR =         "2011",
  editor =       "",
  address =      "",
  month =        "June",
  organization = "ECCOMAS",
}


@INPROCEEDINGS{jones2011proceedings,
  AUTHOR =       {Jones, D. P. and Muller, J.-D. and Christakopoulos, F.},
  TITLE =        {Preparation and assembly of adjoint CFD codes},
  BOOKTITLE =    {10th ICFD Conference Series on Numerical Methods for Fluid Dynamics},
  organization =      {Computers \& Fluids},
  YEAR =         {2011},
  volume =       {46},
  number =       {1},
  pages =        {282--286},
  month =        {July},
  editor =       {Peter K. Sweby},
  address =      {Reading, UK},
}


@INPROCEEDINGS{yu2011proceedings,
  AUTHOR =       {Yu, G. and Muller, J.-D. and Jones, D. P. and Christakopoulos, F.},
  TITLE =        {CAD-based shape optimisation using adjoint sensitivities},
  BOOKTITLE =    {10th ICFD Conference Series on Numerical Methods for Fluid Dynamics},
  organization =      {Computers \& Fluids},
  YEAR =         {2011},
  volume =       {46},
  number =       {1},
  pages =        {512--516},
  month =        {July},
  editor =       {Peter K. Sweby},
  address =      {Reading, UK},
}


@INPROCEEDINGS{christakopoulos2011proceedings,
  AUTHOR =       {Christakopoulos, F. and Jones, D. P. and Muller, J.-D.},
  TITLE =        {Pseudo-timestepping and verification for automatic differentiation derived CFD codes},
  BOOKTITLE =    {10th ICFD Conference Series on Numerical Methods for Fluid Dynamics},
  organization =      {Computers \& Fluids},
  YEAR =         {2011},
  volume =       {46},
  number =       {1},
  pages =        {174--179},
  month =        {July},
  editor =       {Peter K. Sweby},
  address =      {Reading, UK},
}


%%% 2010 %%%

@INPROCEEDINGS{jones2010proceedings,
  AUTHOR =       "Jones, D. P. and Christakopoulos, F. and Muller, J.-D.",
  TITLE =        "Adjoint CFD Codes through Automatic Differentiation",
  BOOKTITLE =    "Proceedings of the V European Conference on Computational Fluid Dynamics",
  YEAR =         "2010",
  editor =       "J. C. F. Pereira, A. Sequeira and J. M. C. Pereira",
  address =      "Lisbon, Portugal",
  month =        "June",
  organization = "ECCOMAS CFD",
}


@BOOK{jones2010thesis,
  AUTHOR =       "Jones, D. P.",
  TITLE =        "Spray Modelling without Droplet Size Segregation",
  PUBLISHER =    "Ph.D. Thesis, University of Manchester",
  YEAR =         "2010"
}

@unpublished{jones2010presentation,
title= {Discrete Adjoint of the Incompressible {N}avier-{S}tokes Equations},
author = {Jones, D. P. and Muller, J.-D. and Riehme, J.},
year = {2010},
month = {December},
NOTE = {11\textsuperscript{th} European Workshop on Automatic Differentiation, Oxford University},
URL = {http://www.autodiff.org/Docs/euroad/},
}


%%% 2008 %%%

@ARTICLE{jones2008proceedings,
  AUTHOR =       "Jones, D. P. and Watkins, A. P.",
  TITLE =        "Spray Impingement Model based on the Method of Moments",
  JOURNAL =      "ILASS-Europe",
  YEAR =         "2008"
}

@UNPUBLISHED{jones2008presentation,
AUTHOR = {Jones, D. P.},
TITLE = {Spray Modelling using the Method of Moments},
NOTE = {CoMo Group, Department of Chemical Engineering and Biotechnology, Cambridge University},
year = {2008},
month = {December},
address = {Cambridge, UK},
}
